Scopus
EXPORT DATE: 29 July 2020

@ARTICLE{Ching201477,
author={Ching, J. and Phoon, K.-K. and Chen, C.-H.},
title={Modeling piezocone cone penetration (CPTU) parameters of clays as a multivariate normal distribution},
journal={Canadian Geotechnical Journal},
year={2014},
volume={51},
number={1},
pages={77-91},
doi={10.1139/cgj-2012-0259},
}

@ARTICLE{Ching2014686,
author={Ching, J. and Phoon, K.-K.},
title={Correlations among some clay parameters - The multivariate distribution},
journal={Canadian Geotechnical Journal},
year={2014},
volume={51},
number={6},
pages={686-704},
doi={10.1139/cgj-2013-0353},
}

@ARTICLE{Ching2013907,
author={Ching, J. and Phoon, K.-K.},
title={Multivariate distribution for undrained shear strengths under various test procedures},
journal={Canadian Geotechnical Journal},
year={2013},
volume={50},
number={9},
pages={907-923},
doi={10.1139/cgj-2013-0002},
}

@ARTICLE{Ching2012522,
author={Ching, J. and Phoon, K.-K.},
title={Modeling parameters of structured clays as a multivariate normal distribution},
journal={Canadian Geotechnical Journal},
year={2012},
volume={49},
number={5},
pages={522-545},
doi={10.1139/T2012-015},
}

@ARTICLE{Ching201252,
author={Ching, J. and Phoon, K.-K.},
title={Establishment of generic transformations for geotechnical design parameters},
journal={Structural Safety},
year={2012},
volume={35},
pages={52-62},
doi={10.1016/j.strusafe.2011.12.003},
}

@BOOK{Phoon2008344,
author={Phoon, K.-K. and Kulhawy, F.H.},
title={Serviceability limit state reliability-based design},
journal={Reliability-Based Design in Geotechnical Engineering: Computations and Applications},
year={2008},
pages={344-384},
doi={10.1201/9781482265811-14},
}

@CONFERENCE{Mesri20071,
author={Mesri, G. and Huvaj, N.},
title={Shear strength mobilized in undrained failure of soft clay and silt deposits},
journal={Geotechnical Special Publication},
year={2007},
number={173},
pages={1},
doi={10.1061/40917(236)1},
}

@article{Mesri1975409,
author = {Mesri, G},
year = {1975},
month = {01},
pages = {409-412},
title = {Discussion (New design procedure for stability of soft clays)},
volume = {101},
number = {4},
journal = {Journal of Geotechnical Engineering ASCE}
}

@article{Mesri1989162,
  title={A reevaluation of su(mob) = 0.22σp'using laboratory shear tests},
  author={Mesri, G.},
  journal={Canadian Geotechnical Journal},
  volume={26},
  number={1},
  pages={162-164},
  year={1989},
}

@ARTICLE{Phoon1999625,
author={Phoon, K.-K. and Kulhawy, F.H.},
title={Evaluation of geotechnical property variability},
journal={Canadian Geotechnical Journal},
year={1999},
volume={36},
number={4},
pages={625-639},
doi={10.1139/t99-039},
}

@ARTICLE{Phoon1999612,
author={Phoon, K.-K. and Kulhawy, F.H.},
title={Characterization of geotechnical variability},
journal={Canadian Geotechnical Journal},
year={1999},
volume={36},
number={4},
pages={612-624},
doi={10.1139/t99-038},
}

@ARTICLE{Chen1996488,
author={Chen, B.S.Y. and Mayne, P.W.},
title={Statistical relationships between piezocone measurements and stress history of clays},
journal={Canadian Geotechnical Journal},
year={1996},
volume={33},
number={3},
pages={488-498},
doi={10.1139/t96-070},
}

@ARTICLE{Chen19931732,
author={Chen, Y.-J. and Kulhawy, F.H.},
title={Undrained strength interrelationships among CIUC, UU, and UC tests},
journal={Journal of Geotechnical Engineering},
year={1993},
volume={119},
number={11},
pages={1732-1750},
doi={10.1061/(ASCE)0733-9410(1993)119:11(1732)},
}

@ARTICLE{Robertson1990151,
author={Robertson, P.K.},
title={Soil classification using the cone penetration test},
journal={Canadian Geotechnical Journal},
year={1990},
volume={27},
number={1},
pages={151-158},
doi={10.1139/t90-014},
}


@BOOK{Jamiolkowski198557,
author={Jamiolkowski, M. and Ladd, C.C. and Germaine, J.T. and Lancellotta, R.},
title={New developments in field and laboratory testing of soils.},
journal={Proc. 11th international conference on soil mechanics and foundation engineering, San Francisco, August 1985. Vol. 1, (Balkema)},
year={1985},
pages={57-153},
note={cited By 433},
}

@ARTICLE{Wroth1978137,
author={Wroth, C.P. and Wood, D.M.},
title={CORRELATION OF INDEX PROPERTIES WITH SOME BASIC ENGINEERING PROPERTIES OF SOILS.},
journal={Canadian Geotechnical Journal},
year={1978},
volume={15},
number={2},
pages={137-145},
doi={10.1139/t78-014},
}


Separate Line

@ARTICLE{Aas198021,
author={Aas, G.},
journal={Evaluation of slope stability},
year={1980},
pages={21-30},
note={cited By 1},
}

@CONFERENCE{Aas19861,
author={Aas, Gunnar and Lacasse, Suzanne and Lunne, Tom and Hoeg, Kaare},
title={USE OF IN SITU TESTS FOR FOUNDATION DESIGN ON CLAY.},
year={1986},
pages={1-30},
}

@ARTICLE{Agarwal1968,
author={Agarwal, K.B.},
journal={The Influence of Size and Orientation of Sample on the Undrained Strength of London Clay},
year={1968},
}

@ARTICLE{Akai1965146,
author={Akai, K. and Adachi, T.},
title={Study on the one-dimensional consolidation and shear strength characteristics of fully saturated clay},
journal={Proceedings, 6th International Conference on Soil Mechanics and Foundation Engineering},
year={1965},
volume={1},
pages={146-150},
}

@ARTICLE{Alberro19731,
author={Alberro, J. and Santoyo, E.},
title={Long term behavior of Mexico City clay},
journal={Proceedings of the 8th International Conference on Soil Mechanics and Foundation Engineering},
year={1973},
volume={1},
pages={1-9},
}

@ARTICLE{Amerasinghe19751277,
author={Amerasinghe, Srinath F. and Parry, Richard H.G.},
title={ANISOTROPY IN HEAVILY OVERCONSOLIDATED KAOLIN},
journal={ASCE J Geotech Eng Div},
year={1975},
volume={101},
number={12},
pages={1277-1293},
}

@ARTICLE{Andersen1980499,
author={Andersen, K.H. and Pool, J.H. and Brown, S.F. and Rosebrand, W.F.},
title={Cyclic and static laboratory tests on Drammen clay.},
journal={Journal of the Geotechnical Engineering Division, ASCE},
year={1980},
volume={106},
number={GT5, Proc. Paper, 15434},
pages={499-529},
}

@ARTICLE{Andersen1982918,
author={Andersen, Knut H. and Stenhamar, Per},
title={STATIC PLATE LOADING TESTS ON OVERCONSOLIDATED CLAY.},
journal={Journal of the Geotechnical Engineering Division},
year={1982},
volume={108},
number={GT7},
pages={918-934},
}

@ARTICLE{Anderson1982176,
author={Anderson, T.C. and Koutsoftas, D.C. and Ramalho-Ortigao, J.A. and Costa-Filho, L.M.},
title={Discussion to Cam-clay predictions of undrained strength},
journal={Journal of the Geotechnical Engineering Division},
year={1982},
volume={108},
number={1},
pages={176-183},
}

@ARTICLE{Andresen195754,
author={Andresen, A. and Bjerrum, L.},
journal={Discussion contributions from Scandinavia},
year={1957},
pages={54-60},
}

@book{NAVFAC1982,
  author         = {NAVFAC},
  title          = {Soil mechanics : Design manual 7-1},
  publisher      = {Naval Facilities Engineering Command},
  address        = {Alexandria},
  year           = {1982},
}

@CONFERENCE{Azzouz1983161,
author={Azzouz, Amr S. and Baligh, Mohsen M. and Ladd, Charles C.},
title={CONE PENETRATION AND ENGINEERING PROPERTIES OF THE SOFT ORINOCO CLAY.},
journal={Behaviour of Off-Shore Structures, Proceedings of the International Conference},
year={1983},
volume={1},
pages={161-180},
}

@ARTICLE{Azzouz1986389,
author={Azzouz, A.S. and Lutz, D.G.},
title={Shaft behavior of a model pile in plastic empire clays},
journal={Journal of Geotechnical Engineering},
year={1986},
volume={112},
number={4},
pages={389-406},
doi={10.1061/(ASCE)0733-9410(1986)112:4(389)},
}

@ARTICLE{Balasubramaniam1976390,
author={Balasubramaniam, A.S. and Chaudhry, A.R.},
title={STRESS STRAIN BEHAVIOUR OF SOFT BANGKOK CLAY.},
year={1976},
volume={1},
pages={390-401},
}

@ARTICLE{Baligh1980447,
author={Baligh, M.M. and Vivatrat, V. and Ladd, C.C.},
title={Cone penetration in soil profiling.},
journal={Journal of the Geotechnical Engineering Division, ASCE},
year={1980},
volume={106},
number={GT4, Proc. Paper, 15377},
pages={447-461},
}

@ARTICLE{Banerjee197835,
author={Banerjee, P.K. and Stipho, A.S.},
title={Associated and non‐associated constitutive relations for undrained behaviour of isotropic soft clays},
journal={International Journal for Numerical and Analytical Methods in Geomechanics},
year={1978},
volume={2},
number={1},
pages={35-56},
doi={10.1002/nag.1610020104},
}

@ARTICLE{Baracos1980559,
author={Baracos, A. and Graham, J. and Domaschuk, L.},
title={Yielding and rupture in a lacustrine clay.},
journal={Canadian Geotechnical Journal},
year={1980},
volume={17},
number={4},
pages={559-573},
doi={10.1139/t80-063},
}

@ARTICLE{Battaglio1986129,
author={Battaglio, M. and Bruzzi, D. and Jamiolkowski, M. and Lancellotta, R.},
title={Interpretation of CPT's and CPTU's},
journal={Proceedings of the 4th International Geotechnical Seminar},
year={1986},
pages={129-143},
}

@ARTICLE{Berre197339,
author={Berre, T. and Bjerrum, L.},
title={Shear strength of normally consolidated clays},
journal={Proceedings, 8th International Conference on Soil Mechanics and Foundations Engineering},
year={1973},
volume={1},
number={1},
pages={39-49},
}

@ARTICLE{Bishop19713,
author={Bishop, A.W.},
title={Shear strength parameters for undisturbed and remolded soil specimens},
journal={Proceedings of the Roscoe Memorial Symposium},
year={1971},
pages={3-58},
}

@ARTICLE{Bishop19651,
author={Bishop, A.W. and Webb, D.L. and Lewin, P.I.},
title={Undisturbed samples of london clay from the ashford common shaft: Strength-effective stress relationships},
journal={Geotechnique},
year={1965},
volume={15},
number={1},
pages={1-31},
doi={10.1680/geot.1965.15.1.1},
}

@ARTICLE{Bjerrum195449,
author={Bjerrum, L.},
title={Geotechnical properties of norwegian marine clays},
journal={Geotechnique},
year={1954},
volume={4},
number={2},
pages={49-69},
doi={10.1680/geot.1954.4.2.49},
}

@ARTICLE{Bjerrum1973111,
author={Bjerrum, L.},
title={Problems of soil mechanics and construction on soft clays},
journal={Proceedings of the 8th International Conference on Soil Mechanics and Foundation Engineering},
year={1973},
volume={3},
pages={111-159},
}

@ARTICLE{Bjerrum1969377,
author={Bjerrum, L.},
title={Discussion of main session 5: Stability of natural slopes and embankment foundations},
journal={Proceedings of the 7th International Conference on Soil Mechanics and Foundation Engineering},
year={1969},
volume={3},
pages={377-414},
}

@ARTICLE{Bjerrum196783,
author={Bjerrum, L.},
title={Engineering geology of norwegian normally-consolidated marine clays as related to settlements of buildings},
journal={Geotechnique},
year={1967},
volume={17},
number={2},
pages={83-118},
doi={10.1680/geot.1967.17.2.83},
}

@ARTICLE{Bjerrum1963147,
author={Bjerrum, L. and Lo, K.Y.},
title={Effect of aging on the shear-strength properties of a normally consolidated clay},
journal={Geotechnique},
year={1963},
volume={13},
number={2},
pages={147-157},
doi={10.1680/geot.1963.13.2.147},
}

@ARTICLE{Bjerrum1960711,
author={Bjerrum, L. and Simons, N.E.},
title={Comparison of shear strength characteristics of normally consolidated clays},
journal={Proceedings of the ASCE Research Conference on the Shear Strength of Cohesive Soils},
year={1960},
pages={711-726},
}

@ARTICLE{Bozozuk1972299,
author={Bozozuk, M. and Leonards, G.A.},
title={The Gloucester test fill},
journal={Proceedings of the ASCE Specialty Conference on Performance of Earth and Earth-Supported Structures},
year={1972},
volume={1},
number={PART 1},
pages={299-317},
}

@ARTICLE{Broms19631,
author={Broms, B.B. and Ratnam, A.M.},
title={Shear strength of an anisotropically consolidated clay},
journal={Journal of the Soil Mechanics and Foundations Division, ASCE},
year={1963},
volume={89},
number={6},
pages={1-26},
}

@ARTICLE{Burland1977557,
author={Burland, J.B. and Longworth, T.I. and Moore, J.F.A.},
title={A study of ground movement and progressive failure caused by a deep excavation in Oxford Clay},
journal={Geotechnique},
year={1977},
volume={27},
number={4},
pages={557-591},
doi={10.1680/geot.1977.27.4.557},
}

@ARTICLE{Cadling19501,
author={Cadling, L. and Odenstad, S.},
title={The vane borer: An apparatus for determining the shear strength of clay soils directly in the ground},
journal={Proc. R. Swed. Geot. Inst},
year={1950},
volume={2},
number={2},
pages={1-87},
}

@ARTICLE{Calabresi1973233,
author={Calabresi, G. and Manfredini, G.},
title={Shear strength characteristics of the jointed clay of S. Barbara},
journal={Geotechnique},
year={1973},
volume={23},
number={2},
pages={233-244},
doi={10.1680/geot.1973.23.2.233},
}

@ARTICLE{Campanella1988203,
author={Campanella, R.G. and Sully, J.P. and Robertson, P.K.},
title={Interpretation of piezocone soundings in clay - A case history},
journal={Proceedings, Penetration Testing in the UK},
year={1988},
pages={203-208},
}

@ARTICLE{Cancelli1984637,
author={Cancelli, A. and Cividini, A.},
title={An embankment on soft clays with sand drains: Numerical characterization of the parameters from in-situ measurements},
journal={Proceedings of the International Conference On Case Histories In Geotechnical Engineering},
year={1984},
pages={637-643},
}

@ARTICLE{Cancelli1981377,
author={Cancelli, A.},
title={EVOLUTION OF SLOPES IN OVER-CONSOLIDATED CLAYS.},
journal={Proceedings of the International Conference on Soil Mechanics and Foundation Engineering},
year={1981},
volume={3},
pages={377-380},
}

@ARTICLE{Carrier1984211,
author={Carrier, W.D. and Beckman, J.F.},
title={Correlations between index tests and the properties of remoulded clays},
journal={Geotechnique},
year={1984},
volume={34},
number={2},
pages={211-228},
doi={10.1680/geot.1984.34.2.211},
}

@BOOK{Carter1991,
author={Carter, M. and Bentley, S.P.},
title={Correlations of soil properties},
journal={Correlations of soil properties},
year={1991},
page_count={130},
}

@ARTICLE{Chandler198813,
author={Chandler, R.J.},
title={The in-situ measurement of the undrained shear strength of clays using the field vane},
journal={Vane Shear Strength Testing in Soils: Field and Laboratory Studies},
year={1988},
pages={13-44},
}

@ARTICLE{Chandler1969321,
author={Chandler, R.J.},
title={The effect of weathering on the shear strength properties of keuper marl},
journal={Geotechnique},
year={1969},
volume={19},
number={3},
pages={321-334},
doi={10.1680/geot.1969.19.3.321},
}

@ARTICLE{Chang1991210,
author={Chang, M.F.},
title={Interpretation of overconsolidation ratio from in situ tests in Recent clay deposits in Singapore and Malaysia},
journal={Canadian Geotechnical Journal},
year={1991},
volume={28},
number={2},
pages={210-225},
doi={10.1139/t91-028},
}

@ARTICLE{Chen200129,
author={Chen, D.S.},
title={Design and construction of highrise building foundations (IV)-fault and geotechnical investigation for the 101-story Taipei international financial center site},
journal={Sino-Geotechnics},
year={2001},
volume={84},
pages={29-48},
}

@ARTICLE{Chen199655,
author={Chen, H.M. and Hsieh, B.J.},
title={Geotechnical properties of the clay deposits from in-situ test on Keelung River reclaimed land},
journal={Sino-Geotechnics},
year={1996},
volume={54},
pages={55-66},
}

@ARTICLE{Chin1997665,
author={Chin, C.T. and Liu, C.C.},
title={Volumetric and undrained behaviors of taipei silty clay},
journal={Journal of the Chinese Institute of Civil and Hydraulic Engineering},
year={1997},
volume={9},
number={4},
pages={665-678},
}

@ARTICLE{Chin1989245,
author={Chin, C.T. and Cheng, T.Y. and Liu, C.J.},
title={Relationship between undrained shear strength and overconsolidation ratio of Taipei silt},
journal={J. Chinese Inst. of Civ. and Hydr. Engrg.},
year={1989},
volume={1},
number={3},
pages={245-250},
}

@ARTICLE{Clough198045,
author={Clough, G.W. and Denby, G.M.},
title={Self-boring pressuremeter study of San Francisco Bay mud.},
journal={Journal of the Geotechnical Engineering Division, ASCE},
year={1980},
volume={106},
number={GT1, Proc. Paper, 15148},
pages={45-63},
}

@ARTICLE{Cooling1942251,
author={Cooling, L.F. and Skempton, A.W.},
title={A laboratory study of London clay},
journal={Journal of the Institution of Civil Engineers},
year={1942},
volume={17},
number={3},
pages={251-256},
}

@CONFERENCE{Coutinho20072049,
author={Coutinho, R.Q.},
title={Characterization and engineering properties of Recife soft clays - Brazil},
journal={Characterisation and Engineering Properties of Natural Soils},
year={2007},
volume={3-4},
pages={2049-2099},
}

@CONFERENCE{Cox19791147,
author={Cox, W.R. and Kraft, L.M. and Verner, E.A.},
title={Axial load tests on 14-inch pipe piles in clay},
journal={Proceedings of the Annual Offshore Technology Conference},
year={1979},
volume={1979-May},
pages={1147-1158},
doi={10.4043/3491-ms},
}

@ARTICLE{Crawford1991103,
author={Crawford, C.B. and Campanella, R.G.},
title={Comparison of field consolidation with laboratory and in situ tests},
journal={Canadian Geotechnical Journal},
year={1991},
volume={28},
number={1},
pages={103-112},
doi={10.1139/t91-011},
}

@ARTICLE{Crawford196531,
author={Crawford, C.B. and Eden, W.J.},
title={A comparison of laboratory results with in-situ properties of Leda clay},
journal={Proc. 6Th Int. Conf. on Soil Mechanics and Foundation Engrg},
year={1965},
volume={1},
pages={31-35},
}

@ARTICLE{Crawford1964227,
author={Crawford, C.B.},
title={Some characteristics of Winnipeg clay},
journal={Canadian Geotechnical Journal},
year={1964},
volume={1},
number={4},
pages={227-235},
}

@ARTICLE{Crawford195936,
author={Crawford, C.B.},
title={The influence of rate of strain on effective stresses in sensitive clay},
journal={Special Technical Publication No. 254},
year={1959},
volume={254},
pages={36-48},
}

@ARTICLE{Croce196981,
author={Croce, A. and Jappelli, R. and Pellegrino, A. and Viggiani, C.},
title={Compressibility and strength of stiff intact clays},
journal={Proceedings, 7th International Conference on Soil Mechanics and Foundation Engineering},
year={1969},
volume={1},
pages={81-89},
}

@ARTICLE{Crooks1981685,
author={Crooks, J.H.A.},
title={A qualitative stress-strain (time) model for soft clays},
journal={Laboratory Shear Strength of Soils},
year={1981},
pages={685-699},
}

@ARTICLE{Crooks1976293,
author={Crooks, J.H.A. and Graham, J.},
title={Geotechnical Poroperties of the Belfast Estuarine Deposits},
journal={Geotechnique},
year={1976},
volume={26},
number={2},
pages={293-315},
doi={10.1680/geot.1976.26.2.293},
}

@ARTICLE{Cummings1950275,
author={Cummings, A.E. and Kerkhoff, G.O. and Peck, R.B.},
title={Effect of driving piles into soft clay},
journal={Trans. ASCE},
year={1950},
volume={115},
number={1},
pages={275-285},
}

@ARTICLE{DaCruz196373,
author={Da Cruz, P.T.},
title={Shear strength characteristics of some residual compacted clays},
journal={Proceedings second panamerican conference on soil mechanics and foundation engineering},
year={1963},
volume={1},
pages={73-102},
}

@ARTICLE{D'Appolonia1971881,
author={D'Appolonia, D.J. and Lambe, T.W. and Poulos, H.G.},
title={Evaluation of pore pressures beneath an embankment},
journal={J. Soil Mech. and Found. Div.},
year={1971},
volume={97},
number={6},
pages={881-897},
}

@ARTICLE{Dascal1975297,
author={Dascal, Oscar and Tournier, Jean Pierre},
title={EMBANKMENTS ON SOFT AND SENSITIVE CLAY FOUNDATION},
journal={ASCE J Geotech Eng Div},
year={1975},
volume={101},
number={3},
pages={297-314},
}

@ARTICLE{Davis1971753,
author={Davis, E.H. and Christian, J.T.},
title={Bearing capacity of anisotropic cohesive soil},
journal={Journal of the Soil Mechanics and Foundations Division, ASCE},
year={1971},
volume={97},
number={5},
pages={753-769},
}

@ARTICLE{NoAuthor196997,
author={DE LORY FA and SALVAS RJ},
title={Some observations on the undrained shearing strength used to analyze a failure},
journal={Canadian Geotechnical Journal},
year={1969},
volume={6},
number={2},
pages={97-110},
doi={10.1139/t69-010},
}

@ARTICLE{DeLory19671,
author={De Lory, F.A. and Salvas, R.J.},
journal={An investigation of discrepancies in undrained shear strength test results in clay},
year={1967},
volume={45},
pages={1-64},
}

@ARTICLE{DeGroot2003695,
author={DeGroot, D.J. and Lutenegger, A.J.},
title={Geology and engineering properties of Connecticut Valley varved clay},
journal={Characterisation and Engineering Properties of Natural Soils},
year={2003},
volume={1},
pages={695-724},
}

@ARTICLE{DiBiagio19769,
author={DiBiagio, Elmo and Stenhamar, Per},
title={Test Fill to Failure on Soft Clay. [PROVEFYLLING TIL BRUDD PA BLOT LEIRE.]},
journal={Nor Geotek Inst Publ},
year={1976},
number={110},
pages={9-14},
}

@ARTICLE{Donaghe1978173,
author={Donaghe, R.T. and Townsend, F.C.},
title={EFFECTS OF ANISOTROPIC VERSUS ISOTROPIC CONSOLIDATION IN CONSOLIDATED-UNDRAINED TRIAXIAL COMPRESSION TESTS OF COHESIVE SOILS.},
journal={Geotechnical Testing Journal},
year={1978},
volume={1},
number={4},
pages={173-189},
doi={10.1520/gtj10868j},
}

@ARTICLE{Duncan196621,
author={Duncan, J.M. and Seed, H.B.},
title={Anisotropy and stress reorientation in clay},
journal={Journal of the Soil Mechanics and Foundations Division, ASCE},
year={1966},
volume={92},
number={SM5},
pages={21-50},
}

@ARTICLE{Eden1980369,
author={Eden, W.J. and Law, K.T.},
title={Comparison of undrained shear strength results obtained by different test methods in soft clays.},
journal={Canadian Geotechnical Journal},
year={1980},
volume={17},
number={3},
pages={369-381},
doi={10.1139/t80-044},
}

@ARTICLE{NoAuthor196828,
author={EDEN WJ and POOROOSHASB HB},
title={SETTLEMENT OBSERVATIONS AT KARS BRIDGE},
journal={Canadian Geotechnical Journal},
year={1968},
volume={5},
number={1},
pages={28-45},
doi={10.1139/t68-003},
}

@ARTICLE{Eden196254,
author={Eden, W.J. and Bozozuk, M.},
title={Foundation failure of a silo on varved clay},
journal={The Engineering Journal},
year={1962},
volume={45},
number={9},
pages={54-57},
}

@ARTICLE{Eden19611239,
author={Eden, W.J. and Kubota, J.K.},
title={Some observations on the measurement of sensitivity of clays},
journal={Proceedings of the ASTM},
year={1961},
volume={61},
pages={1239-1249},
}

@ARTICLE{Eden195722,
author={Eden, W.J. and Crawford, C.B.},
title={Geotechnical properties of Leda clay in the Ottawa area},
journal={Proceedings of the 4th International Conference on Soil Mechanics and Foundation Engineering},
year={1957},
volume={1},
pages={22-27},
}

@ARTICLE{Eden195741,
author={Eden, W.J. and Hamilton, J.J.},
title={The use of a field vane apparatus in sensitive clay},
journal={Proceedings of the American Society For Testing Materials Symposium On In-Place Shear Testing of Soil By the Vane Method. ASTM Special Technical Publication},
year={1957},
volume={193},
pages={41-53},
}

@ARTICLE{Egashira1982275,
author={Egashira, K. and Ohtsubo, M.},
title={Smectite in marine quick-clays of Japan.},
journal={Clays &amp; Clay Minerals},
year={1982},
volume={30},
number={4},
pages={275-280},
doi={10.1346/CCMN.1982.0300404},
}

@ARTICLE{Eide1972159,
author={Eide, O. and Holmberg, S.},
title={Test fills to failure on the soft Bangkok clay},
journal={Proceedings of the Specialty Conference on Earth and Earth-supported Structures},
year={1972},
volume={1},
number={1},
pages={159-180},
}

@ARTICLE{Endley1979101,
author={Endley, S.N. and Ulrich, E.J. and Gray, J.B.},
title={A study of axial pile load tests},
journal={Symposium on Deep Foundations},
year={1979},
pages={101-121},
}

@ARTICLE{Esu1969555,
author={Esu, F. and Calabresi, G.},
title={Slope stability in an overconsolidated clay},
journal={Proc., 7th Int. Conf. in Soil Mechanics and Foundation Engineering},
year={1969},
volume={2},
pages={555-563},
}

@ARTICLE{Feyling-Hanssen1957,
author={Feyling-Hanssen, R.W.},
journal={Micropaleontology applied to soil mechanics in Norway},
year={1957},
number={197},
}

@ARTICLE{Finno19891,
author={Finno, R.J.},
title={Subsurface conditions and pile installation data: 1989 foundation engineering congress test section},
journal={Predicted and Observed Axial Behavior of Piles},
year={1989},
pages={1-74},
}

@ARTICLE{Flaate197472,
author={Flaate, Kaare and Preber, Terje},
title={STABILITY OF ROAD EMBANKMENTS IN SOFT CLAY.},
journal={Canadian Geotechnical Journal},
year={1974},
volume={11},
number={1},
pages={72-88},
doi={10.1139/t74-006},
}

@CONFERENCE{FochtIII198576,
author={Focht III, John A. and Drash Jr., Chester J.},
title={BEHAVIOR OF DRILLED PIERS IN LAYERED SOILS ON TEXAS BARRIER ISLANDS.},
year={1985},
pages={76-98},
}

@ARTICLE{Gregersen1979535,
author={Gregersen, O.},
journal={Kvikkleireskredet I Rissa},
year={1979},
pages={535-548},
}

@ARTICLE{Gregersen1979183,
author={Gregersen, O. and Løken, T.},
title={The quick-clay slide at Baastad, Norway, 1974},
journal={Engineering Geology},
year={1979},
volume={14},
number={2-3},
pages={183-196},
doi={10.1016/0013-7952(79)90084-X},
}

@CONFERENCE{Hansen1982253,
author={Hansen, Lawrence A. and Clough, G.Wayne},
title={CHARACTERIZATION OF THE UNDRAINED ANISOTROPY OF CLAYS.},
year={1982},
pages={253-276},
}

@ARTICLE{Hanzawa1981683,
author={Hanzawa, H.},
title={IMPROVEMENT OF A QUICK SAND.},
journal={Proceedings of the International Conference on Soil Mechanics and Foundation Engineering},
year={1981},
volume={3},
pages={683-686},
}

@ARTICLE{Hanzawa19791,
author={Hanzawa, H. and Matsuno, T. and Tsuji, K.},
title={Undrained strength and stability analysis of soft Iraqi clays},
journal={Soils and Foundations},
year={1979},
volume={19},
number={2},
pages={1-14},
}

@ARTICLE{Hanzawa197717,
author={Hanzawa, H.},
title={Field and Laboratory Behavior of Khor Al-Zubair Clay, Iraq},
journal={Soils and Foundations},
year={1977},
volume={17},
number={4},
pages={17-30},
}

@ARTICLE{Hanzawa197969,
author={Hanzawa, Hideo},
title={UNDRAINED STRENGTH CHARACTERISTICS OF AN ALLUVIAL MARINE CLAY IN THE TOKYO BAY.},
journal={Soils and Foundations},
year={1979},
volume={19},
number={4},
pages={69-84},
doi={10.3208/sandf1972.19.4_69},
}

@ARTICLE{Hanzawa19771,
author={Hanzawa, Hideo},
title={GEOTECHNICAL PROPERTIES OF NORMALLY CONSOLIDATED FAO CLAY, IRAQ.},
journal={Soils and Foundations},
year={1977},
volume={17},
number={4},
pages={1-15},
doi={10.3208/sandf1972.17.4_1},
}

@ARTICLE{Hara19741,
author={Hara, A. and Ohta, T. and Niwa, M. and Tanaka, S. and Banno, T.},
title={Shear modulus and shear strength of cohesive soils},
journal={Soils and Foundations},
year={1974},
volume={14},
number={3},
pages={1-12},
}

@ARTICLE{Harris1995293,
author={Harris, C. and Davies, M.C.R. and Coutard, J.‐P.},
title={Laboratory simulation of periglacial solifluction: Significance of porewater pressures, moisture contents and undrained shear strengths during soil thawing},
journal={Permafrost and Periglacial Processes},
year={1995},
volume={6},
number={4},
pages={293-311},
doi={10.1002/ppp.3430060403},
}

@ARTICLE{Helenelund1977,
author={Helenelund, K.V.},
title={Methods for Reducing Undrained Shear Strength of Soft Clay},
journal={Swedish Geotechnical Institute Report No. 3},
year={1977},
}

@ARTICLE{Henkel1963280,
author={Henkel, D.J. and Sowa, V.A.},
title={The influence of stress history on stress paths in undrained triaxial tests on clay},
journal={Laboratory Shear Testing of Soils},
year={1963},
number={361},
pages={280-291},
}

@ARTICLE{Henry1957275,
author={Henry, G.S.M. and Henry, J.K.M.},
title={The planning and design of new Hong Kong airport},
journal={Proceedings of the Airport Engineering Division Meeting},
year={1957},
pages={275-305},
}

@ARTICLE{Hight1992303,
author={Hight, D.W. and Bond, A.J. and Legge, J.D.},
title={Characterization of the Bothkennar clay: An overview},
journal={Geotechnique},
year={1992},
volume={42},
number={2},
pages={303-347},
doi={10.1680/geot.1992.42.2.303},
}

@ARTICLE{Holmberg19771,
author={Holmberg, S.},
title={Some engineering properties of soft Bangkok clay},
journal={Geotechnical Engineering},
year={1977},
volume={8},
number={1},
pages={1-19},
}

@ARTICLE{Holtz197979,
author={Holtz, R.D. and Holm, G.},
title={TEST EMBANKMENT ON AN ORGANIC SILTY CLAY.},
journal={Proceedings of the European Conference on Soil Mechanics and Foundation Engineering},
year={1979},
volume={3},
pages={79-86},
}

@ARTICLE{Holtz19721223,
author={Holtz, R.D. and Baker, C.N.},
title={Some load transfer data on caissons in hard Chicago clay},
journal={Proc. Specialty Conf. on Performance of Earth and Earth-Supported Structures},
year={1972},
volume={1},
pages={1223-1242},
}

@ARTICLE{Hong20102,
author={Hong, S. and Lee, M. and Kim, J. and Lee, W.},
title={Evaluation undrained shear strength of Busan clay using CPT, 2nd International Symposium on Cone Penetration Testing, CPT' 10},
journal={Proceedings of 2nd International Symposium On Cone Penetration Testing, CPT'10},
year={2010},
pages={2-23},
}

@ARTICLE{Horn1964215,
author={Horn, H.M. and Lambe, T.W.},
title={Settlement of buildings on the MIT campus},
journal={In Proceedings of the ASCE Conference On In-Situ Measurement of Soil Properties},
year={1964},
pages={215-229},
}

@ARTICLE{DerKiureghian2007,
  title={Epistemic or aleatory? Does it matter?},
  author={Kiureghian, Armen Der and Ditlevsen, Ove},
  journal={Proceedings of the Special Workshop on Risk Acceptance and Risk Communication},
  year={2007},
}

@ARTICLE{Bjerrum19721,
author={Bjerrum, L.},
title={Embankments on soft ground},
journal={Proceedings of the American Society of Civil Engineers Specialty Conference on Performance of Earth and Earth-Supported Structures},
year={1972},
volume={2},
pages={1-54},
}

@ARTICLE{Hutchinson19696,
author={Hutchinson, J.N.},
title={A reconsideration of the coastal landslides at folkestone warren, kent},
journal={Geotechnique},
year={1969},
volume={19},
number={1},
pages={6-38},
doi={10.1680/geot.1969.19.1.6},
}

@ARTICLE{Jamiolkowski1988263,
author={Jamiolkowski, M. and Ghionna, V.N. and Lancellotta, R. and Pasqualini, E.},
title={New correlations of penetration tests for design practice},
journal={Proceedings of the 1st International Symposium on Penetration Testing},
year={1988},
volume={1},
pages={263-296},
}

@ARTICLE{Janbu197795,
author={Janbu, N. and Kjekstad, O. and Senneset, K.},
title={Slide in overconsolidated clay below embankment},
journal={Proc., 9th Int. Conf. on Soil Mechanics and Foundation Engineering},
year={1977},
volume={2},
pages={95-102},
}

@ARTICLE{Jardine2003599,
author={Jardine, R.J. and Smith, P.R. and Nicholson, D.P.},
title={Properties of the soft Holocene clays from Queenborough, Kent},
journal={Characterisation and Engineering Properties of Natural Soils},
year={2003},
volume={1},
pages={599-643},
}

@ARTICLE{Karlsrud2017157,
author={Karlsrud, K. and Myrvoll, F.},
title={PERFORMANCE OF A STRUTTED EXCAVATION IN QUICK-CLAY.},
year={2017},
volume={1 .},
number={1},
pages={157-164},
}

@ARTICLE{Karlsson196735,
author={Karlsson, R. and Pusch, R.},
title={Shear strength parameters and microstructure characteristics of a quick clay of extremely high water content},
journal={Proceedings of the Geotechnical Conference, Norwegian Geotechnical Institute},
year={1967},
volume={1},
pages={35-42},
}

@ARTICLE{Kenney1966,
author={Kenney, T.C.},
title={Shearing Resistance of Natural Quick Clays},
journal={Shearing Resistance of Natural Quick Clays},
year={1966},
}

@ARTICLE{Kinner1970,
author={Kinner, E. and Ladd, C.C.},
journal={Load Deformation Behavior of Saturated Clays During Undrained Shear},
year={1970},
}

@ARTICLE{Kitago1976239,
author={Kitago, S. and Mitachi, T. and Kamiya, M.},
title={Strength properties of saturated clay in undrained triaxial extension},
journal={Proceedings of the 11th Annual Meeting of JSSMFE},
year={1976},
pages={239-242},
}

@ARTICLE{Kjekstad198150,
author={Kjekstad, O. and Lunne, T.},
title={Soil parameters used for design of gravity platforms in the North Sea},
journal={Applied Ocean Research},
year={1981},
volume={3},
number={2},
pages={50-58},
doi={10.1016/0141-1187(81)90001-8},
}

@ARTICLE{Konrad1987177,
author={Konrad, J.-M. and Law, K.T.},
title={Preconsolidation pressure from piezocone tests in marine clays},
journal={Geotechnique},
year={1987},
volume={37},
number={2},
pages={177-190},
doi={10.1680/geot.1987.37.2.177},
}

@ARTICLE{Marsland1988209,
  title={Investigation of cone penetration test in British clay carried out by the Building Research Establishment 1962-1987},
  author={Marsland, S. and Powell, J. J. M.},
  journal={Proceedings the Geotechnology Conference: Penetration Testing, Birmingham, UK},
  year={1988},
  pages={209-214},
  address={Thomas Telford, London},
}

@article{Mayne2001,
  title={Manual on Subsurface Investigations},
  author={Mayne, P. W. and Christopher, B. R. and Dejong, J.},
  journal={National Highway Institute Publication No. FHWA NHI-01-031},
  year={2001},
  address={Federal Highway Administration Washington, DC},
}

@ARTICLE{Konrad1987392,
author={Konrad, J.-M. and Law, K.T.},
title={Undrained shear strength from piezocone tests},
journal={Canadian Geotechnical Journal},
year={1987},
volume={24},
number={3},
pages={392-405},
doi={10.1139/t87-050},
}

@ARTICLE{Koumoto2001701,
author={Koumoto, T. and Houlsby, G.T.},
title={Theory and practice of the fall cone test},
journal={Geotechnique},
year={2001},
volume={51},
number={8},
pages={701-712},
doi={10.1680/geot.2001.51.8.701},
}

@ARTICLE{Koumoto199095,
author={Koumoto, T.},
title={Determination of both liquid and plastic limits of clay by the fall cone test},
journal={J. Jpn Soc. Irrigation, Drainage and Reclamation Engng},
year={1990},
volume={146},
pages={95-100},
}

@ARTICLE{Koutsoftas198787,
author={Koutsoftas, D.C. and Foott, R. and Handfelt, L.D.},
title={Geotechnical investigations offshore Hong Kong},
journal={Journal of Geotechnical Engineering},
year={1987},
volume={113},
number={2},
pages={87-105},
doi={10.1061/(ASCE)0733-9410(1987)113:2(87)},
}

@ARTICLE{Koutsoftas1985337,
author={Koutsoftas, D.C. and Ladd, C.C.},
title={Design strengths for an offshore clay},
journal={Journal of Geotechnical Engineering},
year={1985},
volume={111},
number={3},
pages={337-355},
doi={10.1061/(ASCE)0733-9410(1985)111:3(337)},
}

@ARTICLE{Koutsoftas1981254,
author={Koutsoftas, D.C.},
title={Undrained shear behavior of a marine clay},
journal={Laboratory Shear Strength of Soil},
year={1981},
pages={254-276},
}

@ARTICLE{Koutsoftas1976989,
author={Koutsoftas, Demetrious and Fischer, Joseph A.},
title={IN-SITU UNDRAINED SHEAR STRENGTH OF TWO MARINE CLAYS},
journal={ASCE J Geotech Eng Div},
year={1976},
volume={102},
number={9},
pages={989-1005},
}

@ARTICLE{Koutsoftas1978609,
author={Koutsoftas, Demetrious C.},
title={EFFECT OF CYCLIC LOADS ON UNDRAINED STRENGTH OF TWO MARINE CLAYS},
journal={ASCE J Geotech Eng Div},
year={1978},
volume={104},
number={5},
pages={609-620},
}

@ARTICLE{Kulhawy1990,
author={Kulhawy, F.H. and Mayne, P.W.},
title={Manual on estimating soil properties for foundation design},
journal={Manual on Estimating Soil Properties for Foundation Design},
year={1990},
}

@ARTICLE{Kulkarani1967210,
author={Kulkarani, K.R. and Katti, A.P. and Patel, A.N.},
title={A study of the properties of Bombay marine clay deposits in relation to certain foundation problems},
journal={Proceedings of the 3rd Asian Regional Conference On Soil Mechanics and Foundation Engineering},
year={1967},
volume={1},
pages={210-214},
}

@ARTICLE{LaRochelle1988831,
author={La Rochelle, P. and Zebdi, M. and Leroueil, S. and Tavenas, F. and Virely, D.},
title={Piezocone tests in sensitive clays of eastern Canada},
journal={Proceedings of the 1st International Symposium on Penetration Testing (I.S.O.P.T.)},
year={1988},
volume={2},
pages={831-841},
}

@ARTICLE{LaRochelle1974142,
author={La Rochelle, P. and Trak, B. and Tavenas, F. and Roy, M.},
title={FAILURE OF A TEST EMBANKMENT ON A SENSITIVE CHAMPLAIN CLAY DEPOSIT.},
journal={Canadian Geotechnical Journal},
year={1974},
volume={11},
number={1},
pages={142-164},
doi={10.1139/t74-009},
}

@BOOK{Lacasse1985887,
author={Lacasse, S. and Berre, T. and Lefebvre, G.},
title={Block sampling of sensitive clays.},
journal={Proc. 11th international conference on soil mechanics and foundation engineering, San Francisco, August 1985. Vol. 2, (Balkema)},
year={1985},
pages={887-892},
}

@ARTICLE{Lacasse1981507,
author={Lacasse, S. and Jamiolkowski, M. and Lancellotta, R. and Lunne, T.},
title={IN SITU CHARACTERISTICS OF TWO NORWEGIAN CLAYS.},
journal={Proceedings of the International Conference on Soil Mechanics and Foundation Engineering},
year={1981},
volume={2},
pages={507-511},
}

@CONFERENCE{Lacasse1982661,
author={Lacasse, Suzanne and Lunne, Tom},
title={PENETRATION TESTS IN TWO NORWEGIAN CLAYS.},
year={1982},
pages={661-669},
}

@ARTICLE{Lacasse1977367,
author={Lacasse, Suzanne M. and Ladd, Charles C. and Barsvary, Alex K.},
title={UNDRAINED BEHAVIOR OF EMBANKMENTS ON NEW LISKEARD VARVED CLAY.},
journal={Canadian Geotechnical Journal},
year={1977},
volume={14},
number={3},
pages={367-388},
doi={10.1139/t77-041},
}

@ARTICLE{Ladd1991540,
author={Ladd, C.C.},
title={Stability evaluation during staged construction},
journal={Journal of Geotechnical Engineering},
year={1991},
volume={117},
number={4},
pages={540-615},
doi={10.1061/(ASCE)0733-9410(1991)117:4(540)},
}

@ARTICLE{Ladd1981643,
author={Ladd, C.C.},
title={Discussion on laboratory shear devices},
journal={Laboratory Shear Strength of Soil},
year={1981},
pages={643-652},
}

@ARTICLE{Ladd1977421,
author={Ladd, C.C. and Foott, R. and Ishihara, K. and Schlosser, F. and Poulos, H.G.},
title={Stress-deformation and strength characteristics},
journal={Proceedings of the Ninth International Conference on Soil Mechanics and Foundation Engineering},
year={1977},
volume={2},
pages={421-494},
}

@ARTICLE{Ladd1973108,
author={Ladd, C.C.},
title={Discussion main session 4},
journal={Proc 8th ICSMFE},
year={1973},
volume={4},
number={2},
pages={108-115},
}

@ARTICLE{Ladd1972101,
author={Ladd, C.C.},
title={Test embankment on sensitive clay},
journal={Proc., ASCE Spec. Conf. on Earth and Earth-supported Struct.},
year={1972},
volume={1},
number={1 PART},
pages={101-128},
}

@ARTICLE{Ladd1972,
author={Ladd, C.C. and Edgers, L.},
title={Consolidated-undrained direct-simple shear tests on saturated clays},
journal={Consolidated-Undrained Direct Simple Shear Tests on Saturated Clays},
year={1972},
number={284},
}

@ARTICLE{Ladd1972211,
author={Ladd, C.C. and Rixner, J.J. and Gifford, D.C.},
title={Performance of embankments with sand drains on sensitive clay},
journal={Proceedings of the ASCE Conference on the Performance of Earth and Earth-supported Structures},
year={1972},
volume={1},
pages={211-242},
}

@ARTICLE{Ladd1971,
author={Ladd, C.C. and Bovee, R.B. and Edgers, L. and Rixner, J.J.},
title={Consolidated-undrained plane strain shear test on Boston blue clay},
journal={Consolidated-undrained Plane Strain Shear Tests On Boston Blue Clay},
year={1971},
}

@ARTICLE{Ladd1967112,
author={Ladd, C.C.},
title={Discussion on shear strength of soft clay},
journal={Proceedings Geotechnical Conference, Oslo, Norway},
year={1967},
volume={2},
pages={112-115},
}

@ARTICLE{Ladd1965282,
author={Ladd, C.C.},
title={Stress-strain behavior of anisotropically consolidated clays during undrained shear},
journal={Proc. 6th ICOSMFE},
year={1965},
volume={1},
pages={282-286},
}

@ARTICLE{Ladd1964103,
author={Ladd, C.C.},
title={Stress-strain modulus of clay in undrained shear},
journal={Journal of the Soil Mechanics and Foundations Division},
year={1964},
volume={90},
number={5},
pages={103-132},
}

@ARTICLE{Ladd1963342,
author={Ladd, C.C. and Lambe, T.W.},
title={The strength of undisturbed clay determined from undrained tests},
journal={Laboratory Shear Testing of Soils},
year={1963},
pages={342-371},
}

@CONFERENCE{Ladd198365,
author={Ladd, Charles C. and Azzouz, Amr S.},
title={STRESS HISTORY AND STRENGTH OF STIFF OFFSHORE CLAYS.},
year={1983},
pages={65-80},
}

@ARTICLE{Ladd1974763,
author={Ladd, Charles C. and Foott, Roger},
title={NEW DESIGN PROCEDURE FOR STABILITY OF SOFT CLAYS.},
journal={ASCE J Geotech Eng Div},
year={1974},
volume={100},
number={GT7},
pages={763-786},
}

@ARTICLE{Lafleur1988705,
author={Lafleur, J. and Silvestri, V. and Asselin, R. and Soulie, M.},
title={Behaviour of a test excavation in soft Champlain Sea clay},
journal={Canadian Geotechnical Journal},
year={1988},
volume={25},
number={4},
pages={705-715},
doi={10.1139/t88-081},
}

@ARTICLE{Lambe196443,
author={Lambe, T.W.},
title={Methods of estimating settlement},
journal={Journal of the Soil Mechanics and Foundations Division},
year={1964},
volume={90},
number={SM5},
pages={43-67},
}

@ARTICLE{Landva1988138,
author={Landva, A.O. and Valsangkar, A.J. and Alkins, J.C. and Charalambous, P.D.},
title={PERFORMANCE OF A RAFT FOUNDATION SUPPORTING A MULTISTOREY STRUCTURE.},
journal={Canadian geotechnical journal},
year={1988},
volume={25},
number={1},
pages={138-149},
doi={10.1139/t88-014},
}

@ARTICLE{Larsson1991,
author={Larsson, R. and Mulabdic, M.},
title={Piezocone tests in clay},
journal={Piezocone Tests in Clay},
year={1991},
}

@ARTICLE{Larsson1980591,
author={Larsson, R.},
title={Undrained shear strength in stability calculation of embankments and foundations on soft clays.},
journal={Canadian Geotechnical Journal},
year={1980},
volume={17},
number={4},
pages={591-602},
doi={10.1139/t80-066},
}

@ARTICLE{Leathers1978250,
author={Leathers, Francis D. and Ladd, Charles C.},
title={BEHAVIOR OF AN EMBANKMENT ON NEW YORK VARVED CLAY.},
journal={Canadian Geotechnical Journal},
year={1978},
volume={15},
number={2},
pages={250-268},
doi={10.1139/t78-023},
}

@ARTICLE{Lefebvre1987476,
author={Lefebvre, G. and LeBoeuf, D.},
title={Rate effects and cyclic loading of sensitive clays},
journal={Journal of Geotechnical Engineering},
year={1987},
volume={113},
number={5},
pages={476-489},
doi={10.1061/(ASCE)0733-9410(1987)113:5(476)},
}

@ARTICLE{LemboFazio1984115,
author={Lembo Fazio, A. and Manfredini, G. and Ribacchi, R. and Sciotti, M.},
title={Slope failure and cliff instability in the Orvieto hill},
journal={Proceedings of the 4th International Symposium on Landslides},
year={1984},
volume={2},
pages={115-120},
}

@ARTICLE{Leon1977193,
author={Leon, J.L. and Alberro, J.},
title={Extension and compression tests on Mexico City clay},
journal={Proceedings of the 9th International Conference on Soil Mechanics and Foundation Engineering},
year={1977},
volume={1},
pages={193-196},
}

@ARTICLE{Leroueil1983477,
author={Leroueil, S. and Samson, L. and Bozozuk, M.},
title={Laboratory and field determination of preconsolidation pressures at Gloucester.},
journal={Canadian Geotechnical Journal},
year={1983},
volume={20},
number={3},
pages={477-490},
doi={10.1139/t83-056},
}

@ARTICLE{Lew1981,
author={Lew, K.V.},
journal={Yielding Criteria and Limit State in a Winnepeg Clay},
year={1981},
}

@ARTICLE{Liu1999,
author={Liu, Q.C.},
journal={The Effective Stress Model of Taipei Clay},
year={1999},
}

@ARTICLE{Lo19631,
author={Lo, K.Y. and Stermac, A.G.},
journal={Some case records of embankment failure},
year={1963},
pages={1-26},
}

@ARTICLE{Locat1988799,
author={Locat, J. and Demers, D.},
title={Viscosity, yield stress, remolded strength, and liquidity index relationships for sensitive clays},
journal={Canadian Geotechnical Journal},
year={1988},
volume={25},
number={4},
pages={799-806},
doi={10.1139/t88-088},
}

@CONFERENCE{Long20072003,
author={Long, M. and Menkiti, C.O.},
title={Characterisation and engineering properties of Dublin Boulder Clay},
journal={Characterisation and Engineering Properties of Natural Soils},
year={2007},
volume={3-4},
pages={2003-2045},
}

@ARTICLE{Lowe1960837,
author={Lowe, J. and Karafiath, L.},
title={Effect of anisotropic consolidation on the undrained shear strength of compacted clays},
journal={Proceedings of the Research Conference on Shear Strength of Cohesive Soils},
year={1960},
pages={837-858},
}

@ARTICLE{Lumb196825,
author={Lumb, P. and Holt, J.K.},
title={The undrained shear strength of a soft marine clay from hong kong},
journal={Geotechnique},
year={1968},
volume={18},
number={1},
pages={25-36},
doi={10.1680/geot.1968.18.1.25},
}

@BOOK{Lunne1985907,
author={Lunne, T. and Christoffersen, H.P. and Tjelta, T.I.},
title={Engineering use of piezocone data in North Sea clays.},
journal={Proc. 11th international conference on soil mechanics and foundation engineering, San Francisco, August 1985. Vol. 2, (Balkema)},
year={1985},
pages={907-912},
}

@CONFERENCE{Lunne1981305,
author={Lunne, T. and Myrvoll, F. and Kjekstad, O.},
title={Observed settlements of five north sea gravity platforms},
journal={Proceedings of the Annual Offshore Technology Conference},
year={1981},
volume={1981-May},
pages={305-310},
doi={10.4043/4146-ms},
}

@CONFERENCE{Lunne1986714,
author={Lunne, Tom and Eidsmoen, Terje and Gillespie, Don and Howland, Jonathan D.},
title={LABORATORY AND FIELD EVALUATION OF CONE PENETROMETERS.},
year={1986},
pages={714-729},
}

@ARTICLE{Mahar198356,
author={Mahar, L.J. and O'Neill, M.W.},
title={Geotechnical characterization of desiccated clay},
journal={Journal of Geotechnical Engineering},
year={1983},
volume={109},
number={1},
pages={56-71},
doi={10.1061/(ASCE)0733-9410(1983)109:1(56)},
}

@ARTICLE{Massarsch1975266,
author={Massarsch, K.R. and Holtz, R.D. and Holm, B.G. and Fredriksson, A.},
title={Measurement of horizontal in-situ stresses},
journal={Proceedings, Insitu Measurement of Soil Properties},
year={1975},
volume={1},
pages={266-286},
}

@ARTICLE{Massarsch19761041,
author={Massarsch, K.Rainer and Broms, Bengt B.},
title={LATERAL EARTH PRESSURE AT REST IN SOFT CLAY},
journal={ASCE J Geotech Eng Div},
year={1976},
volume={102},
number={10},
pages={1041-1047},
}

@ARTICLE{Mayne199165,
author={Mayne, Paul W.},
title={Determination of OCR in clays by piezocone tests using cavity expansion and critical state concepts},
journal={Soils and Foundations},
year={1991},
volume={31},
number={2},
pages={65-76},
doi={10.3208/sandf1972.31.2_65},
}

@CONFERENCE{Mayne19891,
author={Mayne, Paul W.},
title={Site characterization of Yorktown formation for new accelerator},
year={1989},
pages={1-15},
}

@ARTICLE{Mayne198564,
author={Mayne, Paul W.},
title={REVIEW OF UNDRAINED STRENGTH IN DIRECT SIMPLE SHEAR.},
journal={Soils and Foundations},
year={1985},
volume={25},
number={3},
pages={64-72},
}

@ARTICLE{Mayne2008151,
author={Mayne, P.W.},
title={Piezocone profiling of clays for maritime site investigations},
journal={Proceedings of the 11th Baltic Sea Geotechnical Conference},
year={2008},
pages={151-178},
}

@ARTICLE{Mayne198876,
author={Mayne, P.W.},
title={Determining OCR in clays from laboratory strength},
journal={Journal of Geotechnical Engineering},
year={1988},
volume={114},
number={1},
pages={76-92},
doi={10.1061/(ASCE)0733-9410(1988)114:1(76)},
}

@ARTICLE{Mayne1985356,
author={Mayne, P.W.},
title={Stress anisotropy effects on clay strength},
journal={Journal of Geotechnical Engineering},
year={1985},
volume={111},
number={3},
pages={356-366},
doi={10.1061/(ASCE)0733-9410(1985)111:3(356)},
}

@BOOK{Mayne1985579,
author={Mayne, P.W. and Holtz, R.D.},
title={Effect of principal stress rotation on clay strength.},
journal={Proc. 11th international conference on soil mechanics and foundation engineering, San Francisco, August 1985. Vol. 2, (Balkema)},
year={1985},
pages={579-582},
}

@ARTICLE{Mayne19801219,
author={Mayne, P.W.},
title={Cam-clay predictions of undrained strength.},
journal={Journal of the Geotechnical Engineering Division, ASCE},
year={1980},
volume={106},
number={GT11, Proc. Paper, 15816},
pages={1219-1242},
}

@ARTICLE{Middleton2013,
author={Middleton, V.},
journal={Personal communication},
year={2013},
}

@ARTICLE{Mishtak1964133,
author={Mishtak, J.},
title={Soil mechanics aspects of the Red River floodway},
journal={Canadian Geotechnical Journal},
year={1964},
volume={1},
number={3},
pages={133-146},
}

@ARTICLE{Mitachi197645,
author={Mitachi, Toshiyuki and Kitago, Shigeru},
title={CHANGE IN UNDRAINED SHEAR STRENGTH CHARACTERISTICS OF SATURATED REMOLDED CLAY DUE TO SWELLING.},
journal={Soils and Foundations},
year={1976},
volume={16},
number={1},
pages={45-58},
doi={10.3208/sandf1972.16.45},
}

@ARTICLE{Mitchell1956693,
author={Mitchell, J.K.},
title={The fabric of natural clays and its relation to engineering properties},
journal={Proceedings of the Highway Research Board},
year={1956},
volume={35},
pages={693-713},
}

@book{Mitchell1993,
  author         = {Mitchel, J. K.},
  title          = {Fundamentals of soil behaviour},
  publisher      = {2nd ed. John Wiley and Sons},
  year           = {1993},
}

@ARTICLE{Mitchell19721051,
author={Mitchell, R.J. and Sangrey, D.A. and Webb, G.S.},
title={Foundation in the crust of sensitive clay deposit},
journal={Proceedings of theASCE Specialty Conference on Performance of Earth and Earth Supported Structures},
year={1972},
volume={1},
number={PART 2},
pages={1051-1072},
}

@ARTICLE{Moh1969287,
author={Moh, Z.C. and Nelson, J.D. and Brand, E.W.},
title={Strength and deformation behavior of Bangkok clay},
journal={Proceedings of the Seventh International Conference on Soil Mechanics},
year={1969},
volume={1},
pages={287-296},
}

@ARTICLE{Morin1983782,
author={Morin, P. and Leroueil, S. and Samson, L.},
title={Preconsolidation pressure of Champlain clays. Part I. In-situ determination.},
journal={Canadian Geotechnical Journal},
year={1983},
volume={20},
number={4},
pages={782-802},
doi={10.1139/t83-083},
}

@ARTICLE{Moum1961263,
author={Moum, J. and Rosenqvist, I.Th.},
title={The mechanical properties of montmorillonite and illitic clays related to the electrolytes of the pore water},
journal={Int. Conf. Soil. Mech.},
year={1961},
volume={1},
pages={263-267},
}

@ARTICLE{Nakase198829,
author={Nakase, Akio and Kamei, Takeshi},
title={UNDRAINED SHEAR STRENGTH OF REMOULDED MARINE CLAYS.},
journal={Soils and Foundations},
year={1988},
volume={28},
number={1},
pages={29-40},
doi={10.3208/sandf1972.28.29},
}

@ARTICLE{Nakase198685,
author={Nakase, Akio and Kamei, Takeshi},
title={INFLUENCE OF STRAIN RATE ON UNDRAINED SHEAR CHARACTERISTICS OF K//o-CONSOLIDATED COHESIVE SOILS.},
journal={Soils and Foundations},
year={1986},
volume={26},
number={1},
pages={85-95},
}

@ARTICLE{Nakase198391,
author={Nakase, Akio and Kamei, Takeshi},
title={UNDRAINED SHEAR STRENGTH ANISOTROPY OF NORMALLY CONSOLIDATED COHESIVE SOILS.},
journal={Soils and Foundations},
year={1983},
volume={23},
number={1},
pages={91-101},
doi={10.3208/sandf1972.23.91},
}

@ARTICLE{Newland195783,
author={Newland, P.L. and Allely, B.H.},
title={A study of the sensitivity resulting from consolidation of a remoulded clay},
journal={Proceedings of the 4th International Conference on Soil Mechanics and Foundation Engineering},
year={1957},
volume={1},
pages={83-86},
}

@ARTICLE{Ng1985375,
author={Ng, R.M.C. and Lo, K.Y.},
title={The measurements of soil parameters relevant to tunnelling in clays.},
journal={Canadian Geotechnical Journal},
year={1985},
volume={22},
number={3},
pages={375-391},
doi={10.1139/t85-049},
}

@ARTICLE{Niazi20109,
author={Niazi, F.S. and Mayne, P.W. and Woeller, D.J.},
title={Case history of axial pile capacity and load-settlement response by SCPTu},
journal={Proceedings of the 2nd international symposium on cone penetration testing (CPT'10)},
year={2010},
volume={3},
pages={9-16},
}

@CONFERENCE{Ohtsubo20071893,
author={Ohtsubo, M. and Higashi, T. and Kanayama, M. and Takayama, M.},
title={Depositional geochemistry and geotechnical properties of marine clays in the Ariake Bay area, Japan},
journal={Characterisation and Engineering Properties of Natural Soils},
year={2007},
volume={3-4},
pages={1893-1937},
}

@ARTICLE{Ohtsubo1995509,
author={Ohtsubo, M. and Egashira, K. and Kashima, K.},
title={Depositional and post-depositional geochemistry, and its correlation with the geotechnical properties of marine clays in Ariake Bay, Japan},
journal={Geotechnique},
year={1995},
volume={45},
number={3},
pages={509-523},
doi={10.1680/geot.1995.45.3.509},
}

@ARTICLE{Ohtsubo198271,
author={Ohtsubo, M. and Takayama, M. and Egashira, K.},
title={Marine quick clays from Ariake Bay area, Japan},
journal={Soils and Foundations},
year={1982},
volume={22},
number={4},
pages={71-80},
}

@ARTICLE{Olsen1986608,
author={Olsen, H.W. and Rice, T.L. and Mayne, P.W. and Singh, R.D.},
title={Piston core properties and disturbance effects},
journal={Journal of Geotechnical Engineering},
year={1986},
volume={112},
number={6},
pages={608-625},
doi={10.1061/(ASCE)0733-9410(1986)112:6(608)},
}

@CONFERENCE{O'Riordan1982755,
author={O'Riordan, N.J. and Davies, J.A. and Dauncey, P.C.},
title={INTERPRETATION OF STATIC CONE PENETROMETER TESTS IN SOFT CLAYS OF LOW PLASTICITY.},
year={1982},
pages={755-760},
}

@ARTICLE{Ou1994383,
author={Ou, C.Y. and Hsiao, W.D.},
title={Undrained shear strength of Taipei silty clay under K consolidation and plane strain conditionso},
journal={J Chin Instit Civil Hydraul Eng},
year={1994},
volume={6},
number={4},
pages={383-388},
}

@ARTICLE{Parry1981309,
author={Parry, R.H.G. and Wroth, C.P.},
title={Shear stress-strain properties of soft clay},
journal={Developments in Geotechnical Engineering},
year={1981},
volume={20},
number={C},
pages={309-364},
doi={10.1016/B978-0-444-41784-8.50007-1},
}

@ARTICLE{Parry1974345,
author={Parry, R.H.G. and Nadarajah, V.},
title={Observations on Laboratory Prepared, Lightly Overconsolidated Specimens of Kaolin},
journal={Geotechnique},
year={1974},
volume={24},
number={3},
pages={345-357},
doi={10.1680/geot.1974.24.3.345},
}

@ARTICLE{Parry1968151,
author={Parry, R.H.G.},
title={Field and laboratory behaviour of a lightly overconsolidated clay},
journal={Geotechnique},
year={1968},
volume={18},
number={2},
pages={151-171},
doi={10.1680/geot.1968.18.2.151},
}

@ARTICLE{Parry1960166,
author={Parry, R.H.G.},
title={Triaxial compression and extension tests on remoulded saturated clay},
journal={Geotechnique},
year={1960},
volume={10},
number={4},
pages={166-180},
doi={10.1680/geot.1960.10.4.166},
}

@ARTICLE{Powell1988903,
author={Powell, J.J.M. and Quarterman, R.S.T.},
title={The interpretation of cone penetration tests in clays, with particular reference to rate effects},
journal={Proceedings, 1st International Symposium on Penetration Testing},
year={1988},
volume={2},
pages={903-910},
}

@article{Stas1984,
author = {Stas, C. and Kulhawy, F.},
year = {1984},
title = {Critical evaluation of design methods for foundations under axial uplift and compression loading. Final report},
journal = {Electric Power Re-search Institute, Palo Alto, Calif},
}

@article{Terzaghi1996,
author = {Terzaghi, K. and Peck, R. and Mesri, G.},
year = {1996},
title = {Soil Mechanics in Engineering Practice},
edition = {3rd ed},
address = {John Wiley & Sons, New York},
}

@ARTICLE{Prevost197949,
author={Prevost, Jean H.},
title={UNDRAINED SHEAR TESTS ON CLAYS},
journal={ASCE J Geotech Eng Div},
year={1979},
volume={105},
number={1},
pages={49-64},
}

@ARTICLE{Prevost1978255,
author={Prevost, J.H. and Hoeg, K.},
title={PLASTICITY MODEL FOR UNDRAINED STRESS-STRAIN BEHAVIOR.},
year={1978},
volume={v},
number={1},
pages={255-261},
}

@ARTICLE{Quires1988306,
author={Quires, G.W. and Young, A.G.},
title={Comparison of field vane, CPT and laboratory strength data at Santa Barbara Channel site},
journal={Vane Shear Strength Testing of Soils: Field and Laboratory Studies},
year={1988},
pages={306-317},
}

@ARTICLE{Rad1988911,
author={Rad, N.S. and Lunne, T.},
title={Direct correlations between piezocone test results and undrained shear strength of clay},
journal={Proc. 1st Int. Symp. Penetration Testing},
year={1988},
volume={2},
pages={911-917},
}

@ARTICLE{Ramalho-Ortigao19831460,
author={Ramalho-Ortigao, J.A. and Werneck, M.L.G. and Lacerda, W.A.},
title={Embankment failure on clay near Rio de Janeiro},
journal={Journal of Geotechnical Engineering},
year={1983},
volume={109},
number={11},
pages={1460-1479},
doi={10.1061/(ASCE)0733-9410(1983)109:11(1460)},
}

@ARTICLE{Raymond19731,
author={Raymond, Gerald P.},
title={FOUNDATION FAILURE OF NEW LISKEARD EMBANKMENT.},
journal={Highw Res Rec},
year={1973},
number={463},
pages={1-17},
}

@ARTICLE{Raymond1971546,
author={Raymond, G.P. and Townsend, D.L. and Lojkasek, M.J.},
title={The effect of sampling on the undrained soil properties of a Leda clay},
journal={Can. Geotech. J.},
year={1971},
volume={8},
number={4},
pages={546-557},
}

@BOOK{RochaFilho1985859,
author={Rocha Filho, P. and Alencar, J.A.},
title={Piezocone tests in the Rio de Janeiro soft clay deposit.},
journal={Proc. 11th international conference on soil mechanics and foundation engineering, San Francisco, August 1985. Vol. 2, (Balkema)},
year={1985},
pages={859-862},
}

@ARTICLE{Roy1982180,
author={Roy, M. and Tremblay, M. and Tavenas, F. and La Rochelle, P.},
title={Development of a quasi-static piezocone apparatus.},
journal={Canadian Geotechnical Journal},
year={1982},
volume={19},
number={2},
pages={180-188},
doi={10.1139/t82-020},
}

@ARTICLE{Sanchez1979257,
author={Sanchez, J.M. and Sagaseta, C. and Ballester, F.},
title={INFLUENCE OF STRESS HISTORY ON UNDRAINED BEHAVIOUR OF SOFT CLAYS.},
journal={Proceedings of the European Conference on Soil Mechanics and Foundation Engineering},
year={1979},
volume={1},
pages={257-261},
}

@ARTICLE{Schofield1968,
author={Schofield, A.N. and Wroth, C.P.},
journal={Critical State Soil Mechanics},
year={1968},
}

@ARTICLE{Schwab2017647,
author={Schwab, E. and Broms, B.},
title={BOTTOM HEAVE IN SOFT SOILS.},
year={2017},
volume={1 .},
number={2},
pages={647-650},
}

@ARTICLE{Seed1957731,
author={Seed, H.B. and Reese, L.C.},
title={The action of soft clay along friction piles},
journal={Transactions, ASCE},
year={1957},
volume={122},
pages={731-754},
}

@ARTICLE{Senneset1988955,
author={Senneset, K. and Sandven, R. and Lunne, T. and By, T. and Amundsen, T.},
title={Piezocone tests in silty soils},
journal={Penetration Testing 1988},
year={1988},
volume={2},
pages={955-966},
}

@CONFERENCE{Senneset198541,
author={Senneset, Kaare and Janbu, Nilmar},
title={SHEAR STRENGTH PARAMETERS OBTAINED FROM STATIC CONE PENETRATION TESTS.},
journal={ASTM Special Technical Publication},
year={1985},
pages={41-54},
doi={10.1520/stp36328s},
}

@ARTICLE{Sherif1972439,
author={Sherif, M.A. and Wu, M.J. and Bostrom, R.C.},
title={Reduction in soil strength due to dynamic loading},
journal={Proc. Int. Conf. on Microzonation for Safe Construction, Seattle, WN},
year={1972},
volume={2},
pages={439-454},
}

@ARTICLE{Silvestri198888,
author={Silvestri, V. and Aubertin, M.},
title={Anisotropy and in-situ vane tests},
journal={Vane Shear Testing of Soils: Field and Laboratory Studies},
year={1988},
volume={1014},
pages={88-103},
}

@ARTICLE{Simons1976183,
author={Simons, N.E.},
title={FIELD STUDIES OF THE STABILITY OF EMBANKMENTS ON CLAY FOUNDATIONS.},
journal={Laurits Bjerrum Mem Vol, Contrib to Soil Mech},
year={1976},
pages={183-209},
}

@ARTICLE{Simons1960727,
author={Simons, N.E.},
title={Comprehensive investigations of the shear strength of an undisturbed Drammen clay},
journal={Research Conference on Shear Strength of Cohesive Soils},
year={1960},
pages={727-745},
}

@ARTICLE{Skempton1963269,
author={Skempton, A.W. and Sowa, V.A.},
title={The behaviour of saturated clays during sampling and testing},
journal={Geotechnique},
year={1963},
volume={13},
number={4},
pages={269-290},
doi={10.1680/geot.1963.13.4.269},
}

@ARTICLE{Skempton1961351,
author={Skempton, A.W.},
title={Horizontal stresses in an overconsolidated Eocene clay},
journal={Proceedings of the 5th International Conference on Soil Mechanics and Foundation Engineering},
year={1961},
volume={1},
number={1},
pages={351-357},
}

@ARTICLE{Skempton1957305,
author={Skempton, A.W.},
title={Discussion on the planning and design of the new Hong Kong airport},
journal={Proceedings of the Institution of Civil Engineers},
year={1957},
volume={7},
number={2},
pages={305-307},
}

@ARTICLE{Skempton1954417,
author={Skempton, A.W. and Bishop, A.W.},
title={Soils},
journal={Building Materials, their Elasticity and Inelasticity},
year={1954},
pages={417-482},
}

@ARTICLE{Skempton1953302,
author={Skempton, A.W. and Henkel, D.J.},
title={The post-glacial clays of the Thames Estuary at Tilbury and Shellhaven},
journal={3&lt;sup&gt;rd&lt;/sup&gt; ICSMFE},
year={1953},
volume={1},
pages={302-308},
}

@ARTICLE{Skempton195230,
author={Skempton, A.W. and Northey, R.D.},
title={The sensitivity of clays},
journal={Geotechnique},
year={1952},
volume={3},
number={1},
pages={30-53},
doi={10.1680/geot.1952.3.1.30},
}

@ARTICLE{Skempton1950304,
author={Skempton, A.W.},
title={Discussion on "Effect of driving piles into soft clay"},
journal={Transactions of the American Society of Civil Engineers, ASCE},
year={1950},
volume={115},
pages={304-309},
}

@ARTICLE{Skempton1948145,
author={Skempton, A.W.},
title={The geotechnical properties of a deep stratum of post-glacial clay at Gosport},
journal={International Conference on Soil Mechanics and Foundation Engineering, 2. Rotterdam. Proceedings},
year={1948},
volume={1},
pages={145-150},
}

@ARTICLE{Skempton1948111,
author={Skempton, A.W.},
title={Vane tests in the alluvial plain of the river forth near grangemouth},
journal={Geotechnique},
year={1948},
volume={1},
number={2},
pages={111-124},
doi={10.1680/geot.1948.1.2.111},
}

@ARTICLE{Stille1979285,
author={Stille, H. and Fredriksson, A.},
title={FIELD MEASUREMENT OF AN ANCHORED SHEET PILE WALL IN CLAY.},
journal={Proceedings of the European Conference on Soil Mechanics and Foundation Engineering},
year={1979},
volume={3},
pages={285-290},
}

@ARTICLE{Strachan1960135,
author={Strachan, C.M.},
title={Preconsolidation of foundation soils, Wellington, NZ},
journal={Proceedings of the 3rd Australia-New Zealand Conference on Soil Mechanics and Foundation Engineering},
year={1960},
pages={135-139},
}

@ARTICLE{Tan2003429,
author={Tan, T.S. and Phoon, K.K. and Lee, F.H. and Tanaka, H. and Locat, J. and Chong, P.T.},
title={A characterisation study of Singapore lower marine clay},
journal={Characterisation and Engineering Properties of Natural Soils},
year={2003},
volume={1},
pages={429-454},
}

@ARTICLE{Tanaka2003455,
author={Tanaka, H. and Ritoh, F. and Omukai, N.},
title={Geotechnical properties of clay deposits of the Osaka Basin},
journal={Characterisation and Engineering Properties of Natural Soils},
year={2003},
volume={1},
pages={455-474},
}

@ARTICLE{Tanaka1989563,
author={Tanaka, Y. and Sakagami, T.},
title={Piezocone testing in underconsolidated clay},
journal={Canadian Geotechnical Journal},
year={1989},
volume={26},
number={4},
pages={563-567},
doi={10.1139/t89-069},
}

@ARTICLE{Tani199537,
author={Tani, K. and Craig, W.H.},
title={Development of centrifuge cone penetration test to evaluate the undrained shear strength profile of a model clay bed},
journal={Soils and Foundations},
year={1995},
volume={35},
number={2},
pages={37-47},
}

@ARTICLE{Tavenas1978319,
author={Tavenas, F. and Leroueil, S.},
title={EFFECTS OF STRESSES AND TIME ON YIELDING OF CLAYS.},
year={1978},
volume={v},
number={1},
pages={319-326},
}

@ARTICLE{Tavenas1978283,
author={Tavenas, F. and Blanchet, R. and Garneau, R. and Leroueil, S.},
title={STABILITY OF STAGE-CONSTRUCTED EMBANKMENTS ON SOFT CLAYS.},
journal={Canadian Geotechnical Journal},
year={1978},
volume={15},
number={2},
pages={283-305},
doi={10.1139/t78-025},
}

@ARTICLE{Tavenas1975450,
author={Tavenas, F.A. and Blanchete, G. and Leroueil, S. and Roy, M. and LaRochelle, P.},
title={Difficulties in the in situ determination of K&lt;inf&gt;0&lt;/inf&gt; in soft sensitive clays},
journal={Proc. in Situ Maesurement of Soil Properties},
year={1975},
volume={1},
pages={450-476},
}

@ARTICLE{Tschuschke20103,
author={Tschuschke, W.},
title={Assessment of strength parameters of copper ore postflotation deposit based on CPTU},
journal={Proceedings of the 2nd International Symposium on Cone Penetration Testing, ISSMGE},
year={2010},
pages={3-36},
}

@ARTICLE{Tschuschke2005121,
author={Tschuschke, W. and Waliń Ski, M.},
journal={CPTU in soft post-flotation sediments. Studia Geotechnical et Mechanica},
year={2005},
volume={207},
number={3-4},
pages={121-132},
}

@ARTICLE{Tsuchida1999543,
author={Tsuchida, T. and Hong, Z. and Wataba, Y. and Ogawa, F.},
title={Relationship of undrained shear strength versus normalized water content for remolded clayey soils},
journal={34th Proceedings of JSGE},
year={1999},
volume={1},
pages={543-544},
}

@CONFERENCE{Tumay198572,
author={Tumay, Mehmet T. and Acar, Yalcin B.},
title={PIEZOCONE PENETRATION TESTING IN SOFT COHESIVE SOILS.},
journal={ASTM Special Technical Publication},
year={1985},
pages={72-82},
}

@ARTICLE{Vaid197935,
author={Vaid, Y.P. and Robertson, P.K. and Campanella, R.G.},
title={STRAIN RATE BEHAVIOUR OF SAINT-JEAN-VIANNEY CLAY.},
journal={Can Geotech J},
year={1979},
volume={16},
number={1},
pages={35-42},
}

@ARTICLE{Ward195933,
author={Ward, W.H. and Samuels, S.G. and Butler, M.E.},
title={Further studies of the properties of london clay},
journal={Geotechnique},
year={1959},
volume={9},
number={2},
pages={33-58},
doi={10.1680/geot.1959.9.2.33},
}

@ARTICLE{Wei20102,
author={Wei, L. and Pant, R. and Tumay, M.T.},
title={Evaluation of undrained shear strength of soft New Orleans clay using piezocone},
journal={The 2nd International Symposium on Cone Penetration Testing},
year={2010},
pages={2-12},
}

@ARTICLE{Windle197737,
author={Windle, D. and Wroth, C.P.},
title={USE OF A SELF-BORING PRESSUREMETER TO DETERMINE THE UNDRAINED PROPERTIES OF CLAYS.},
journal={Ground Engineering},
year={1977},
volume={10},
number={6},
pages={37-"42, 45-46"},
}

@BOOK{Wroth19851,
author={Wroth, C.P. and Houlsby, G.T.},
title={Soil mechanics - property characterization and analysis procedures.},
journal={Proc. 11th international conference on soil mechanics and foundation engineering, San Francisco, August 1985. Vol. 1, (Balkema)},
year={1985},
pages={1-55},
}

@ARTICLE{Wu1963145,
author={Wu, T.H. and Loh, A.K. and Malvern, L.E.},
title={Study of failure envelope of soils},
journal={Journal of the Soil Mechanics and Foundation Division},
year={1963},
volume={89},
number={SM1},
pages={145-181},
}

@ARTICLE{Wu19621,
author={Wu, T.H. and Douglas, A.G. and Goughnour, R.D.},
title={Friction and cohesion of saturated clays},
journal={Journal of the Soil Mechanics and Foundations Division, ASCE},
year={1962},
volume={88},
number={3},
pages={1-32},
}

@ARTICLE{Wu19581,
author={Wu, T.H.},
title={Geotechnical properties of glacial lake clays},
journal={Journal of the Soil Mechanics and Foundations Division, ASCE},
year={1958},
volume={84},
number={3},
pages={1-34},
}

@ARTICLE{Wu1978889,
author={Wu, Tien H. and Chang, Nien Y. and Ali, Elfatih M.},
title={CONSOLIDATION AND STRENGTH PROPERTIES OF A CLAY},
journal={ASCE J Geotech Eng Div},
year={1978},
volume={104},
number={7},
pages={889-905},
}

@ARTICLE{Wu1975913,
author={Wu, Tien H. and Thayer, William B. and Lin, Sheng S.},
title={STABILITY OF EMBANKMENT ON CLAY},
journal={ASCE J Geotech Eng Div},
year={1975},
volume={101},
number={9},
pages={913-932},
}

@ARTICLE{YASUHARA198277,
author={YASUHARA, KAZUYA and YAMANOUCHI, TOYOTOSHI and HIRAO, KAZUTOSHI},
title={CYCLIC STRENGTH AND DEFORMATION OF NORMALLY CONSOLIDATED CLAY.},
journal={SOILS FOUND},
year={1982},
volume={V 22},
number={N 3},
pages={77-91},
doi={10.3208/sandf1972.22.3_77},
}

@ARTICLE{Zreik1995472,
author={Zreik, Diana A. and Ladd, Charles C. and Germaine, John T.},
title={New fall cone device for measuring the undrained strength of very weak cohesive soils},
journal={Geotechnical Testing Journal},
year={1995},
volume={18},
number={4},
pages={472-482},
}

@ARTICLE{NoAuthor0000305,
title={OTC 4146},
year={0000},
volume={4},
pages={305-317},
}
